%% This BibTeX bibliography file was created using BibDesk.
%% http://bibdesk.sourceforge.net/


%% Created for Nicola Gigante at 2015-01-22 12:17:25 +0100 


%% Saved with string encoding Unicode (UTF-8) 



@inproceedings{Yoder2006,
	Author = {Robert Yoder and Peter A. Bloniarz},
	Booktitle = {MSV'06},
	Date-Added = {2015-01-22 11:16:53 +0000},
	Date-Modified = {2015-01-22 11:17:25 +0000},
	Pages = {249-255},
	Title = {A Practical Algorithm for Computing Neighbors in Quadtrees, Octrees, and Hyperoctrees},
	Year = {2006}}

@article{Gargantini82,
	Acmid = {358741},
	Address = {New York, NY, USA},
	Author = {Gargantini, Irene},
	Date-Added = {2015-01-21 23:00:49 +0000},
	Date-Modified = {2015-01-21 23:01:08 +0000},
	Doi = {10.1145/358728.358741},
	Issn = {0001-0782},
	Issue_Date = {Dec 1982},
	Journal = {Commun. ACM},
	Keywords = {digital images, image encoding},
	Month = dec,
	Number = {12},
	Numpages = {6},
	Pages = {905--910},
	Publisher = {ACM},
	Title = {An Effective Way to Represent Quadtrees},
	Url = {http://doi.acm.org/10.1145/358728.358741},
	Volume = {25},
	Year = {1982},
	Bdsk-Url-1 = {http://doi.acm.org/10.1145/358728.358741},
	Bdsk-Url-2 = {http://dx.doi.org/10.1145/358728.358741}}

@article{Morton66,
	Author = {Morton},
	Date-Added = {2015-01-21 22:59:51 +0000},
	Date-Modified = {2015-01-21 23:00:02 +0000},
	Number = {Ottawa, Ontario, Canada},
	Title = {A computer oriented geodetic data base and a new technique in file sequencing},
	Year = {1966}}

@article{Persson2005,
	Author = {Persson, Per Olof},
	Date-Added = {2015-01-21 14:35:43 +0000},
	Date-Modified = {2015-01-21 14:35:56 +0000},
	Doi = {10.1.1.90.2762},
	Title = {Mesh Generation for Implicit Geometries},
	Year = {2005},
	Bdsk-Url-1 = {http://citeseerx.ist.psu.edu/viewdoc/summary?doi=10.1.1.90.2762}}

@article{Specogna2010,
	Acmid = {1839087},
	Address = {San Diego, CA, USA},
	Author = {Specogna, Ruben and Trevisan, Francesco and Codecasa, Lorenzo},
	Date-Added = {2015-01-20 21:15:21 +0000},
	Date-Modified = {2015-01-20 21:15:54 +0000},
	Doi = {10.1016/j.jcp.2010.06.023},
	Issn = {0021-9991},
	Issue_Date = {September, 2010},
	Journal = {J. Comput. Phys.},
	Keywords = {Basis functions, Cell method, Discrete analogs of the hodge star operator, Discrete constitutive equations, Discrete geometric approach (DGA), Finite integration technique (FIT), Non-orthogonal polyhedral dual grids},
	Month = sep,
	Number = {19},
	Numpages = {10},
	Pages = {7401--7410},
	Publisher = {Academic Press Professional, Inc.},
	Title = {A New Set of Basis Functions for the Discrete Geometric Approach},
	Url = {http://dx.doi.org/10.1016/j.jcp.2010.06.023},
	Volume = {229},
	Year = {2010},
	Bdsk-Url-1 = {http://dx.doi.org/10.1016/j.jcp.2010.06.023}}
